@article{van2014scikit,
  title={{scikit-image: image processing in Python}},
  author={{van der Walt}, St\'efan and others},
  journal={PeerJ},
  volume={2},
  pages={e453},
  year={2014},
  publisher={PeerJ Incorporated},
  doi={10.7717/peerj.453}
}
